@article{AugerSpectrum,
   title={Measurement of the cosmic-ray energy spectrum above $2.5x10^{18}$ eV using the Pierre Auger Observatory},
   volume={102},
   ISSN={2470-0029},
   url={http://dx.doi.org/10.1103/PhysRevD.102.062005},
   DOI={10.1103/physrevd.102.062005},
   number={6},
   journal={Physical Review D},
   publisher={American Physical Society (APS)},
   author={Aab, A. and others},
   year={2020},
   month={Sep}
}

@article{EUSO-Ballon,
    author = "Abdellaoui, G. and others",
    collaboration = "JEM-EUSO",
    title = "{First observations of speed of light tracks by a fluorescence detector looking down on the atmosphere}",
    eprint = "1808.02557",
    archivePrefix = "arXiv",
    primaryClass = "astro-ph.IM",
    doi = "10.1088/1748-0221/13/05/P05023",
    journal = "JINST",
    volume = "13",
    number = "05",
    pages = "P05023",
    year = "2018"
}

@ARTICLE{SPB1,
       author = {Osteria and others},
        title = "{EUSO-SPB: In-flight performance}",
      journal = {Nuclear Instruments and Methods in Physics Research A},
     keywords = {Detector techniques for cosmology and astroparticle physics, UHECR, Ultra long duration balloon flight},
         year = 2019,
        month = aug,
       volume = {936},
        pages = {237-238},
          doi = {10.1016/j.nima.2018.10.213},
       adsurl = {https://ui.adsabs.harvard.edu/abs/2019NIMPA.936..237O},
      adsnote = {Provided by the SAO/NASA Astrophysics Data System}
}

@article{SPB1-FieldTests,
      title={Extreme Universe Space Observatory on a Super Pressure Balloon 1 calibration: from the laboratory to the desert},
      author={J. H. Adams Jr. and others},
      year={2020},
      eprint={2011.09617},
      archivePrefix={arXiv},
      primaryClass={astro-ph.IM}
}

@article{POEMMA,
      title={The POEMMA (Probe of Extreme Multi-Messenger Astrophysics) Observatory},
      author={A. Olinto and others},
      year={2020},
      eprint={2012.07945},
      archivePrefix={arXiv},
      primaryClass={astro-ph.IM},
      journal = {Journal of Cosmology and Astroparticle Physics}
}

@article{JemEUSO-Trigger,
title = {The First Level Trigger of JEM-EUSO: Concept and tests},
journal = {Nuclear Instruments and Methods in Physics Research Section A: Accelerators, Spectrometers, Detectors and Associated Equipment},
volume = {824},
pages = {253-255},
year = {2016},
note = {Frontier Detectors for Frontier Physics: Proceedings of the 13th Pisa Meeting on Advanced Detectors},
issn = {0168-9002},
doi = {https://doi.org/10.1016/j.nima.2015.10.044},
url = {https://www.sciencedirect.com/science/article/pii/S0168900215012565},
author = {M. Bertaina and others},
keywords = {Front end, Trigger, DAQ and data management, JEM-EUSO}
}

@Inbook{CNN,
author="LeCun, Yann and others",
title="Object Recognition with Gradient-Based Learning",
bookTitle="Shape, Contour and Grouping in Computer Vision",
year="1999",
publisher="Springer Berlin Heidelberg",
address="Berlin, Heidelberg",
pages="319--345",
isbn="978-3-540-46805-9",
doi="10.1007/3-540-46805-6_19",
url="https://doi.org/10.1007/3-540-46805-6_19"
}

@article{MiniEUSO,
   title={Mini-EUSO Mission to Study Earth UV Emissions on board the ISS},
   volume={253},
   ISSN={1538-4365},
   url={http://dx.doi.org/10.3847/1538-4365/abd93d},
   DOI={10.3847/1538-4365/abd93d},
   number={2},
   journal={The Astrophysical Journal Supplement Series},
   publisher={American Astronomical Society},
   author={Bacholle, S. and others},
   year={2021},
   month={Mar},
   pages={36}
}

@article{K-EUSO,
    author = "Panasyuk, Mikhail I. and others",
    collaboration = "JEM-EUSO",
    title = "{Ultra high energy cosmic ray detector KLYPVE on board the Russian Segment of the ISS}",
    doi = "10.22323/1.236.0669",
    journal = "PoS",
    volume = "ICRC2015",
    pages = "669",
    year = "2016"
}

@misc{SPB,
  author = {Holly Zell},
  title = {Scientific Balloons},
  year = 2017,
  howpublished = {\url{https://www.nasa.gov/scientific-balloons/types-of-balloons}},
  note = {Accessed: 2021-05-04}
}
@article{lecun1998gradient,
  title={Gradient-based learning applied to document recognition},
  author={LeCun, Yann and Bottou, L{\'e}on and Bengio, Yoshua and Haffner, Patrick},
  journal={Proceedings of the IEEE},
  volume={86},
  number={11},
  pages={2278--2324},
  year={1998},
  publisher={Ieee}
}

@misc{copeland2016, title={What's the Difference Between Deep Learning Training and Inference?}, url={https://blogs.nvidia.com/blog/2016/08/22/difference-deep-learning-training-inference-ai/}, publisher={Nvidia}, author={Copeland, Michael}, year={2016}, month={Aug}}

@inproceedings{zhang1988shift,
  title={Shift-invariant pattern recognition neural network and its optical architecture},
  author={Zhang, Wei and others},
  booktitle={Proceedings of annual conference of the Japan Society of Applied Physics},
  year={1988}
}
@article{zhang1990parallel,
  title={Parallel distributed processing model with local space-invariant interconnections and its optical architecture},
  author={Zhang, Wei and Itoh, Kazuyoshi and Tanida, Jun and Ichioka, Yoshiki},
  journal={Applied optics},
  volume={29},
  number={32},
  pages={4790--4797},
  year={1990},
  publisher={Optical Society of America}
}

@article{lecun2015deep,
  title={Deep learning},
  author={LeCun, Yann and Bengio, Yoshua and Hinton, Geoffrey},
  journal={nature},
  volume={521},
  number={7553},
  pages={436--444},
  year={2015},
  publisher={Nature Publishing Group}
}

@article{NightGlow,
title = {NIGHTGLOW: an instrument to measure the Earth’s nighttime ultraviolet glow—results from the first engineering flight},
journal = {Astroparticle Physics},
volume = {22},
number = {5},
pages = {439-449},
year = {2005},
issn = {0927-6505},
doi = {https://doi.org/10.1016/j.astropartphys.2004.10.002},
url = {https://www.sciencedirect.com/science/article/pii/S0927650504001720},
author = {Louis M. Barbier and others},
keywords = {Cosmic-rays, UHECR, EUSO, OWL, Fly’s Eye, HiRES, AGASA},
}

 @article{SPB2Trigger,
  doi = {10.1016/j.asr.2021.12.028},
	year = 2021,
	month = {dec},
	publisher = {Elsevier {BV}},
	author = {G. Filippatos and others},
	title = {Development of a cosmic ray oriented trigger for the fluorescence telescope on {EUSO}-{SPB}2},
	journal = {Advances in Space Research}
}